<?xml version="1.0" encoding="UTF-8" ?>
<record Numero="13969656" format="InterXMarc_Complet" type="Authority">
<leader>00618c0 au22000272  45  <Pos Code="0004">00618</Pos>
<Pos Code="05" Sens="notice modifiée">c</Pos>
<Pos Code="06" Sens="notice validée par les services d&apos;autorité">0</Pos>
<Pos Code="08" Sens="notice d&apos;autorité">a</Pos>
<Pos Code="09" Sens="titre uniforme musical (TUM)">u</Pos>
<Pos Code="10">2</Pos>
<Pos Code="11">2</Pos>
<Pos Code="1216">00027</Pos>
<Pos Code="17" Sens="autres cas">2</Pos>
<Pos Code="20">4</Pos>
<Pos Code="21">5</Pos>
</leader>
<controlfield tag="001">FRBNF139696562<Pos Code="0001">FR</Pos>
<Pos Code="0204">BNF</Pos>
<Pos Code="0512">13969656</Pos>
<Pos Code="13">2</Pos>
</controlfield>
<controlfield tag="008">941115040909yy    qua       1936                             010 <Pos Code="0001">94</Pos>
<Pos Code="0203">11</Pos>
<Pos Code="0405">15</Pos>
<Pos Code="0607">04</Pos>
<Pos Code="0809">09</Pos>
<Pos Code="1011">09</Pos>
<Pos Code="1213" Sens="ne s&apos;applique pas">yy</Pos>
<Pos Code="1820" Sens="quatuor instrumental">qua</Pos>
<Pos Code="2831">1936</Pos>
<Pos Code="61" Sens="La vedette peut être liée à une notice bibliographique pour les accès signalétiques et/ou pour l&apos;accès matière RAMEAU">0</Pos>
<Pos Code="62" Sens="La vedette ne peut s&apos;employer qu&apos;en tête de vedette">1</Pos>
<Pos Code="63" Sens="La vedette n&apos;admet pas de subdivision géographique">0</Pos>
</controlfield>
<datafield tag="048" ind1=" " ind2=" ">
	<subfield code="a">sa02<Pos Code="0001" Sens="cordes frottées - violon">sa</Pos>
<Pos Code="02">0</Pos>
<Pos Code="03">2</Pos>
</subfield>
	<subfield code="a">sb01<Pos Code="0001" Sens="cordes frottées - alto">sb</Pos>
<Pos Code="02">0</Pos>
<Pos Code="03">1</Pos>
</subfield>
	<subfield code="a">sc01<Pos Code="0001" Sens="cordes frottées - violoncelle">sc</Pos>
<Pos Code="02">0</Pos>
<Pos Code="03">1</Pos>
</subfield>
</datafield>
<datafield tag="100" ind1=" " ind2=" ">
	<subfield code="3">13899526</subfield>
	<subfield code="w"> 0  b     </subfield>
	<subfield code="a">Schoenberg</subfield>
	<subfield code="m">Arnold</subfield>
	<subfield code="d">1874-1951</subfield>
</datafield>
<datafield tag="144" ind1="1" ind2=" ">
	<subfield code="w">....b.....</subfield>
	<subfield code="a">Quatuors</subfield>
	<subfield code="b">Cordes</subfield>
	<subfield code="n">No 4</subfield>
	<subfield code="p">Op. 37</subfield>
</datafield>
<datafield tag="600" ind1=" " ind2=" ">
	<subfield code="a">Commande d&apos;Elizabeth Sprague Coolidge</subfield>
	<subfield code="a">Dédié à Elizabeth Sprague Coolidge et aux membres du Kolisch Streichquartett, qui créèrent l&apos;oeuvre à Los Angeles, Royce Hall (University of California) le 9 janvier 1937</subfield>
</datafield>
<datafield tag="600" ind1=" " ind2=" ">
	<subfield code="a">Éd. : 1939</subfield>
</datafield>
<datafield tag="610" ind1=" " ind2=" ">
	<subfield code="a">Grove 6</subfield>
	<subfield code="a">Arnold Schoenberg : 2 : Streichquartette I-IV / Arnold Schoenberg. Montaigne MO782024</subfield>
</datafield>
<datafield tag="624" ind1=" " ind2=" ">
	<subfield code="a">780<Pos Code="0002" Sens="Musique">780</Pos>
</subfield>
</datafield>
<datafield tag="917" ind1=" " ind2=" ">
	<subfield code="o">OPC</subfield>
	<subfield code="a">101010300</subfield>
</datafield>
<Alter Ori="13899526">
<datafield tag="400" ind1=" " ind2=" ">
	<subfield code="w">    b     </subfield>
	<subfield code="a">Schönberg</subfield>
	<subfield code="m">Arnold</subfield>
	<subfield code="d">1874-1951</subfield>
</datafield>
</Alter>
<Attr Nom="IDPerenne">ark:/12148/cb13969656t</Attr>
<Attr Nom="NumSource">OPC 101010300</Attr>
<Attr Nom="Source" Sens="BnF catalogue général (depuis 1999)">A</Attr>
<Attr Nom="NumAutoriteLiee">13899526</Attr>
<Attr Nom="DateCreation">15/11/ 1994</Attr>
<Attr Nom="ResponsableCreation">MIGV2</Attr>
<Attr Nom="StructCreation">1</Attr>
<Attr Nom="DateDerniereValidation">08/11/ 2010</Attr>
<Attr Nom="ResponsableDerniereValidation">MIGV4</Attr>
<Attr Nom="StructPremiereValidation">1</Attr>
<Attr Nom="DatePremiereValidation">15/11/ 1994</Attr>
<Attr Nom="ResponsablePremiereValidation">MIGV2</Attr>
<Attr Nom="StructDerniereValidation">1</Attr>
<Attr Nom="NumSource">OPP 14850631</Attr>
</record>
